@Article{Bib_1,
  author  = {Bret√≥n N, Cervantes-Cota J L, and Salgado M (Eds.)},
  title   = {The Early Universe and Observational Cosmology},
  journal = {Springer-Verlag},
  year    = {2004},
  pages   = {123--345},
  addres  = {Berlin Heidelberg},
}

@Article{Bib_2,
  author  = {Bennet C L et al )},
  year    = {2003},
  title   = {Astrophys.},
  journal = {Suppl.},
  pages   = {148 1},
  addres  = {Berlin Heidelberg},
}


